<?xml version="1.0" encoding="UTF-8"?><collection xmlns="http://www.loc.gov/MARC21/slim"><record><leader>00401nam--2200133-i-4500</leader><controlfield tag="001">000031860</controlfield><controlfield tag="002">20161230</controlfield><controlfield tag="005">20161230201038</controlfield><controlfield tag="008">060222s1000------------r-----000-0-eng-d</controlfield><datafield ind1=" " ind2=" " tag="080"><subfield code="a">548(043):546.3(043)</subfield></datafield><datafield ind1=" " ind2=" " tag="100"><subfield code="a">Maury, Francoise</subfield></datafield><datafield ind1=" " ind2=" " tag="245"><subfield code="a">Etude de l`anisotropie des deplacements atomiques dans les metaux hexagonaux. /these</subfield></datafield><datafield ind1=" " ind2=" " tag="260"><subfield code="a">Paris, L`Univ.Paris Xi, 1973, Vi + 167p.Dif</subfield></datafield><datafield ind1=" " ind2=" " tag="852"><subfield code="a">40318</subfield></datafield></record></collection>